% This file was created with JabRef 2.7b.
% Encoding: UTF-8

@INPROCEEDINGS{Kokkinakis08SolidComp,
  author = {Dimitrios Kokkinakis},
  title = {Semantic Relation Mining of Solid Compounds in Medical Corpora},
  booktitle = {MIE},
  year = {2008},
  pages = {217-222},
  bibsource = {DBLP, http://dblp.uni-trier.de},
  crossref = {DBLP:conf/mie/2008},
  ee = {http://dx.doi.org/10.3233/978-1-58603-864-9-217}
}

@INPROCEEDINGS{Abeyruwan10PrOntoLearn,
  author = {Abeyruwan, Saminda and Visser, Ubbo and Lemmon, Vance P. and Schürer,
	Stephan C.},
  title = {PrOntoLearn: Unsupervised Lexico-Semantic Ontology Generation using
	Probabilistic Methods.},
  booktitle = {URSW},
  year = {2010},
  editor = {Bobillo, Fernando and Carvalho, Rommel N. and da Costa, Paulo Cesar
	G. and d'Amato, Claudia and Fanizzi, Nicola and Laskey, Kathryn B.
	and Laskey, Kenneth J. and Lukasiewicz, Thomas and Martin, Trevor
	and Nickles, Matthias and Pool, Michael},
  volume = {654},
  series = {CEUR Workshop Proceedings},
  pages = {25-36},
  publisher = {CEUR-WS.org},
  ee = {http://ceur-ws.org/Vol-654/paper3.pdf},
  interhash = {603741ff5870f42e7e3d1a9d1ac6e81b},
  intrahash = {1a498edf40b9fe15d464e6fbd8b5414d},
  url = {http://dblp.uni-trier.de/db/conf/semweb/ursw2010.html#AbeyruwanVLS10}
}

@ARTICLE{AlaviLeidner2001KM,
  author = {Alavi, Maryam and Leidner, Dorothy E.},
  title = {REVIEW: KNOWLEDGE MANAGEMENT AND KNOWLEDGE MANAGEMENT SYSTEMS: CONCEPTUAL
	FOUNDATIONS AND RESEARCH ISSUES.},
  journal = {MIS Quarterly},
  year = {2001},
  volume = {25},
  number = {1},
  url = {http://search.ebscohost.com.ezproxy.auckland.ac.nz/login.aspx?direct=true\&db=buh\&AN=4386667\&site=ehost-live}
}

@ARTICLE{Alkula01MeaningWords,
  author = {Alkula, Riitta},
  title = {From Plain Character Strings to Meaningful Words: Producing Better
	Full Text Databases for Inflectional and Compounding Languages with
	Morphological Analysis Software},
  journal = {Inf. Retr.},
  year = {2001},
  volume = {4},
  pages = {195--208},
  number = {3-4},
  month = sep,
  address = {Hingham, MA, USA},
  doi = {10.1023/A:1011942104443},
  issn = {1386-4564},
  issue_date = {September-December 2001},
  numpages = {14},
  publisher = {Kluwer Academic Publishers},
  url = {http://dx.doi.org/10.1023/A:1011942104443}
}

@ARTICLE{anjewierden1987KATools,
  author = {Anjo Anjewierden},
  title = {Knowledge Acquisition Tools},
  journal = {AI Communications},
  year = {1987},
  volume = {0},
  pages = {29-38},
  number = {1},
  doi = {10.3233/AIC-1987-0106},
  owner = {jdb},
  timestamp = {2012.06.20},
  url = {http://iospress.metapress.com/content/lq206041704qt874/}
}

@PHDTHESIS{Blomqvist09Thesis,
  author = {Blomqvist, Eva},
  title = {Semi-automatic Ontology Construction based on Patterns},
  school = {Linköping UniversityLinköping University, Department of Computer
	and Information Science, The Institute of Technology},
  year = {2009},
  institution = {Linköping University, Department of Computer and Information Science},
  number = {1244},
  pages = {349},
  publisher = {Linköping University Electronic Press},
  series = {Linköping Studies in Science and Technology. Dissertations},
  url = {http://urn.kb.se/resolve?urn=urn:nbn:se:liu:diva-17223}
}

@INPROCEEDINGS{Borin09Saldo,
  author = {Lars Borin and Markus Forsberg},
  title = {All in the family: A comparison of SALDO and WordNet},
  year = {2009},
  volume = {7},
  url = {http://hdl.handle.net/10062/9836}
}

@INPROCEEDINGS{Borin12Korp,
  author = {Lars Borin and Markus Forsberg and Johan Roxendal},
  title = {Korp – the corpus infrastructure of Språkbanken},
  year = {2012}
}

@INPROCEEDINGS{Bos08Boxer,
  author = {Bos, Johan},
  title = {Wide-Coverage Semantic Analysis with Boxer},
  booktitle = {Semantics in Text Processing. STEP 2008 Conference Proceedings},
  year = {2008},
  editor = {Bos, Johan and Delmonte, Rodolfo},
  series = {Research in Computational Semantics},
  pages = {277--286},
  publisher = {College Publications},
  url = {http://www.meaningfactory.com/bos/pubs/Bos2008STEP2.pdf}
}

@INPROCEEDINGS{IURISERVICEPerformance2007,
  author = {Casellas, N\'{u}ria and Casanovas, Pompeu and Vallb{\'e}, Joan-Josep
	and Poblet, Marta and Bl\'{a}zquez, Mercedes and Contreras, Jes\'{u}s
	and L\'{o}pez-Cobo, Jos{\'e}-Manuel and Benjamins, V. Richard},
  title = {Semantic enhancement for legal information retrieval: Iuriservice
	performance},
  booktitle = {Proceedings of the 11th international conference on Artificial intelligence
	and law},
  year = {2007},
  series = {ICAIL '07},
  pages = {49--57},
  address = {New York, NY, USA},
  publisher = {ACM},
  acmid = {1276328},
  doi = {10.1145/1276318.1276328},
  isbn = {978-1-59593-680-6},
  keywords = {legal ontologies, ontologies, search enhancement, semantic distance,
	semantic search, semantics, topic ontologies},
  location = {Stanford, California},
  numpages = {9},
  url = {http://doi.acm.org/10.1145/1276318.1276328}
}

@BOOK{Cimiano06,
  title = {Ontology Learning and Population from Text: Algorithms, Evaluation
	and Applications},
  publisher = {Springer-Verlag New York, Inc.},
  year = {2006},
  author = {Cimiano, Philipp},
  address = {Secaucus, NJ, USA},
  isbn = {0387306323},
  url = {http://www.springerlink.com/content/978-0-387-30632-2/}
}

@INCOLLECTION{Cimiano2009OL,
  author = {Cimiano, Philipp and Mädche, Alexander and Staab, Steffen and Völker,
	Johanna},
  title = {Ontology Learning},
  booktitle = {Handbook on Ontologies},
  publisher = {Springer Berlin Heidelberg},
  year = {2009},
  editor = {Staab, Steffen and Rudi Studer, Dr.},
  series = {International Handbooks on Information Systems},
  pages = {245-267},
  affiliation = {Institute AIFB, University of Karlsruhe, Karlsruhe, Germany},
  isbn = {978-3-540-92673-3},
  keyword = {Business and Economics}
}

@INCOLLECTION{Cimiano2005Text2Onto,
  author = {Cimiano, Philipp and Völker, Johanna},
  title = {Text2Onto},
  booktitle = {Natural Language Processing and Information Systems},
  publisher = {Springer Berlin / Heidelberg},
  year = {2005},
  editor = {Montoyo, Andrés and Munoz, Rafael and Métais, Elisabeth},
  volume = {3513},
  series = {Lecture Notes in Computer Science},
  pages = {257-271},
  affiliation = {Institute AIFB, University of Karlsruhe},
  isbn = {978-3-540-26031-8},
  keyword = {Computer Science}
}

@BOOK{Cunningham2011GATEBook,
  title = {{Text Processing with GATE (Version 6)}},
  year = {2011},
  author = {Hamish Cunningham and Diana Maynard and Kalina Bontcheva and Valentin
	Tablan and Niraj Aswani and Ian Roberts and Genevieve Gorrell and
	Adam Funk and Angus Roberts and Danica Damljanovic and Thomas Heitz
	and Mark A. Greenwood and Horacio Saggion and Johann Petrak and Yaoyong
	Li and Wim Peters},
  isbn = {978-0956599315},
  url = {http://tinyurl.com/gatebook}
}

@INPROCEEDINGS{Drymonas10OntoGain,
  author = {Drymonas, Euthymios and Zervanou, Kalliopi and Petrakis, Euripides
	G. M.},
  title = {Unsupervised ontology acquisition from plain texts: the OntoGain
	system},
  booktitle = {Proceedings of the Natural language processing and information systems,
	and 15th international conference on Applications of natural language
	to information systems},
  year = {2010},
  series = {NLDB'10},
  pages = {277--287},
  address = {Berlin, Heidelberg},
  publisher = {Springer-Verlag},
  acmid = {1894563},
  isbn = {3-642-13880-2, 978-3-642-13880-5},
  keywords = {OWL, association rules, formal concept analysis, multi-word terms,
	ontology acquisition, term clustering, term extraction, term similarity},
  location = {Cardiff, UK},
  numpages = {11},
  url = {http://dl.acm.org/citation.cfm?id=1894525.1894563}
}

@INPROCEEDINGS{EtzioniEtAll06MachineReading,
  author = {Etzioni, Oren and Banko, Michele and Cafarella, Michael J.},
  title = {Machine reading},
  booktitle = {proceedings of the 21st national conference on Artificial intelligence
	- Volume 2},
  year = {2006},
  series = {AAAI'06},
  pages = {1517--1519},
  publisher = {AAAI Press},
  isbn = {978-1-57735-281-5},
  location = {Boston, Massachusetts},
  numpages = {3},
  url = {http://dl.acm.org/citation.cfm?id=1597348.1597430}
}

@ARTICLE{OntMethOverv1999,
  author = {Fernandez Lopez, M.},
  title = {Overview Of Methodologies For Building Ontologies},
  journal = {Proceedings of the IJCAI99 Workshop on Ontologies and ProblemSolving
	Methods Lessons Learned and Future Trends CEUR Publications},
  year = {1999},
  pages = {1--13}
}

@INCOLLECTION{Forsbom08Tagging,
  author = {Forsbom, Eva},
  title = {Good tag hunting : tagability of Granska tags},
  booktitle = {Resourceful language technology : festschrift in honor of Anna Sågvall
	Hein},
  publisher = {Acta Universitatis Upsaliensis},
  year = {2008},
  number = {7},
  series = {Studia Linguistica Upsaliensia},
  pages = {77--85},
  institution = {Uppsala University, Department of Linguistics and Philology}
}

@INPROCEEDINGS{Frantzi98CNCValue,
  author = {Frantzi, Katerina T. and Ananiadou, Sophia and Tsujii, Jun-ichi},
  title = {The C-value/NC-value Method of Automatic Recognition for Multi-Word
	Terms},
  booktitle = {Proceedings of the Second European Conference on Research and Advanced
	Technology for Digital Libraries},
  year = {1998},
  series = {ECDL '98},
  pages = {585--604},
  address = {London, UK, UK},
  publisher = {Springer-Verlag},
  isbn = {3-540-65101-2},
  numpages = {20}
}

@ARTICLE{Gacitua08OntoLancs,
  author = {Gacitua, Ricardo and Sawyer, Pete and Rayson, Paul},
  title = {A flexible framework to experiment with ontology learning techniques},
  journal = {Know.-Based Syst.},
  year = {2008},
  volume = {21},
  pages = {192--199},
  number = {3},
  month = apr,
  acmid = {1349952},
  address = {Amsterdam, The Netherlands, The Netherlands},
  doi = {10.1016/j.knosys.2007.11.009},
  issn = {0950-7051},
  issue_date = {April, 2008},
  keywords = {Machine learning methods, NLP methods, Ontologies, Ontology learning,
	Semantic Web},
  numpages = {8},
  publisher = {Elsevier Science Publishers B. V.},
  url = {http://dx.doi.org/10.1016/j.knosys.2007.11.009}
}

@INPROCEEDINGS{Gulla08LOUIE,
  author = {Gulla, Jon Atle and Sugumaran, Vijayan},
  title = {An interactive ontology learning workbench for non-experts},
  booktitle = {Proceedings of the 2nd international workshop on Ontologies and information
	systems for the semantic web},
  year = {2008},
  series = {ONISW '08},
  pages = {9--16},
  address = {New York, NY, USA},
  publisher = {ACM},
  acmid = {1458487},
  doi = {10.1145/1458484.1458487},
  isbn = {978-1-60558-255-9},
  keywords = {ontologies, ontology learning, semantic web, text mining},
  location = {Napa Valley, California, USA},
  numpages = {8},
  url = {http://doi.acm.org/10.1145/1458484.1458487}
}

@PHDTHESIS{Hjelm09Thesis,
  author = {Hjelm, Hans},
  title = {Cross-language Ontology Learning : Incorporating and Exploiting Cross-language
	Data in the Ontology Learning Process},
  school = {Stockholm University, Department of Linguistics},
  year = {2009},
  institution = {Stockholm University, Department of Linguistics},
  pages = {159},
  publisher = {Institutionen för lingvistik},
  url = {http://urn.kb.se/resolve?urn=urn:nbn:se:su:diva-8414}
}

@ARTICLE{KimEtAl03GeniaCorpus,
  author = {Kim, J. D. and Ohta, T. and Tateisi, Y. and Tsujii, J.},
  title = {{GENIA corpus---a semantically annotated corpus for bio-textmining}},
  journal = {Bioinformatics},
  year = {2003},
  volume = {19},
  pages = {i180--i182},
  number = {suppl 1},
  month = jul,
  day = {3},
  doi = {10.1093/bioinformatics/btg1023},
  issn = {1367-4803},
  keywords = {biomedical, nlp},
  pmid = {12855455},
  posted-at = {2006-03-28 00:50:16},
  priority = {0},
  url = {http://dx.doi.org/10.1093/bioinformatics/btg1023}
}

@ARTICLE{KokkinakisGerdin10MedCorp,
  author = {Kokkinakis, Dimitrios and Gerdin, Ulla},
  title = {{A Swedish Scientific Medical Corpus for Terminology Management and
	Linguistic Exploration}},
  year = {2010},
  booktitle = {proceedings of the 7th international conference on Language Resources
	and Evaluation (LREC)},
  location = {Malta},
  url = {http://swepub.kb.se/bib/swepub:oai:services.scigloo.org:113194?tab2=abs\&\#38;language=en}
}

@ARTICLE{OLforSemWeb2001,
  author = {Maedche, A and Staab, S},
  title = {Ontology learning for the Semantic Web},
  journal = {IEEE Intelligent Systems},
  year = {2001},
  volume = {16},
  pages = {72--79},
  number = {2},
  publisher = {IEEE},
  url = {http://ieeexplore.ieee.org/lpdocs/epic03/wrapper.htm?arnumber=920602}
}

@ARTICLE{Marcus93Penn,
  author = {Marcus, Mitchell P. and Marcinkiewicz, Mary Ann and Santorini, Beatrice},
  title = {Building a large annotated corpus of English: the penn treebank},
  journal = {Comput. Linguist.},
  year = {1993},
  volume = {19},
  pages = {313--330},
  number = {2},
  month = jun,
  acmid = {972475},
  address = {Cambridge, MA, USA},
  issn = {0891-2017},
  issue_date = {June 1993},
  numpages = {18},
  publisher = {MIT Press},
  url = {http://dl.acm.org/citation.cfm?id=972470.972475}
}

@INPROCEEDINGS{Marneffe06StanfPars,
  author = {Marneffe, M. and Maccartney, B. and Manning, C.},
  title = {{Generating Typed Dependency Parses from Phrase Structure Parses}},
  booktitle = {Proceedings of LREC-06},
  year = {2006},
  pages = {449--454},
  citeulike-article-id = {2830913},
  keywords = {diplomarbeit},
  posted-at = {2008-05-25 17:05:20},
  priority = {2}
}

@TECHREPORT{OWLOverview2004,
  author = {Deborah L. McGuinness and Frank van Harmelen},
  title = {{OWL} Web Ontology Language Overview},
  institution = {W3C},
  year = {2004},
  type = {{W3C} Recommendation},
  month = feb,
  note = {http://www.w3.org/TR/2004/REC-owl-features-20040210/},
  bibsource = {http://w2.syronex.com/jmr/w3c-biblio}
}

@PHDTHESIS{Megyesi02Thesis,
  author = {Megyesi, Beata},
  title = {Data-driven syntactic analysis},
  school = {KTH, Speech Transmission and Music Acoustics},
  year = {2002},
  institution = {KTH, Speech Transmission and Music Acoustics},
  number = {2002:7},
  pages = {xvi, 202},
  publisher = {Institutionen för talöverföring och musikakustik},
  series = {Trita-TMH}
}

@INPROCEEDINGS{NenadicEtAl02TermSim,
  author = {Nenadi\'{c}, Goran and Spasi\'{c}, Irena and Ananiadou, Sophia},
  title = {Automatic discovery of term similarities using pattern mining},
  booktitle = {COLING-02 on COMPUTERM 2002: second international workshop on computational
	terminology - Volume 14},
  year = {2002},
  series = {COMPUTERM '02},
  pages = {1--7},
  address = {Stroudsburg, PA, USA},
  publisher = {Association for Computational Linguistics},
  doi = {10.3115/1118771.1118779},
  numpages = {7},
  url = {http://dx.doi.org/10.3115/1118771.1118779}
}

@INPROCEEDINGS{NivreEtAl07NoNLL,
  author = {Nivre, Joakim and Hall, Johan and K\"{u}bler, Sandra and Mcdonald,
	Ryan and Nilsson, Jens and Riedel, Sebastian and Yuret, Deniz},
  title = {The {CoNLL} 2007 Shared Task on Dependency Parsing},
  booktitle = {Proceedings of the CoNLL Shared Task Session of EMNLP-CoNLL 2007},
  year = {2007},
  pages = {915--932},
  address = {Prague, Czech Republic},
  month = jun,
  publisher = {Association for Computational Linguistics},
  url = {http://www.aclweb.org/anthology/D/D07/D07-1096}
}

@INPROCEEDINGS{Nivre06maltparser,
  author = {Joakim Nivre and Johan Hall and Jens Nilsson},
  title = {MaltParser: A data-driven parser-generator for dependency parsing},
  booktitle = {In Proc. of LREC-2006},
  year = {2006},
  pages = {2216--2219}
}

@ARTICLE{SemanticIntegration2004Noy,
  author = {Noy, Natalya F.},
  title = {Semantic integration: a survey of ontology-based approaches},
  journal = {SIGMOD Rec.},
  year = {2004},
  volume = {33},
  pages = {65--70},
  number = {4},
  month = dec,
  acmid = {1041421},
  address = {New York, NY, USA},
  doi = {10.1145/1041410.1041421},
  issn = {0163-5808},
  issue_date = {December 2004},
  numpages = {6},
  publisher = {ACM},
  url = {http://doi.acm.org/10.1145/1041410.1041421}
}

@INCOLLECTION{OntocalArch2010Obrst,
  author = {Obrst, Leo},
  title = {Ontological Architectures},
  booktitle = {Theory and Applications of Ontology: Computer Applications},
  publisher = {Springer Netherlands},
  year = {2010},
  editor = {Poli, Roberto and Healy, Michael and Kameas, Achilles},
  pages = {27-66},
  note = {10.1007/978-90-481-8847-5_2},
  affiliation = {The MITRE Corporation, McLean, VA, USA},
  isbn = {978-90-481-8847-5},
  keyword = {Humanities, Social Sciences and Law},
  url = {http://dx.doi.org/10.1007/978-90-481-8847-5_2}
}

@INPROCEEDINGS{Poon2010OntoUSP,
  author = {Poon, Hoifung and Domingos, Pedro},
  title = {Unsupervised ontology induction from text},
  booktitle = {Proceedings of the 48th Annual Meeting of the Association for Computational
	Linguistics},
  year = {2010},
  series = {ACL '10},
  pages = {296--305},
  address = {Stroudsburg, PA, USA},
  publisher = {Association for Computational Linguistics},
  acmid = {1858712},
  location = {Uppsala, Sweden},
  numpages = {10},
  url = {http://dl.acm.org/citation.cfm?id=1858681.1858712}
}

@INPROCEEDINGS{Poon09USP,
  author = {Poon, Hoifung and Domingos, Pedro},
  title = {Unsupervised semantic parsing},
  booktitle = {Proceedings of the 2009 Conference on Empirical Methods in Natural
	Language Processing: Volume 1 - Volume 1},
  year = {2009},
  series = {EMNLP '09},
  pages = {1--10},
  address = {Stroudsburg, PA, USA},
  publisher = {Association for Computational Linguistics},
  acmid = {1699512},
  isbn = {978-1-932432-59-6},
  location = {Singapore},
  numpages = {10},
  url = {http://dl.acm.org/citation.cfm?id=1699510.1699512}
}

@INPROCEEDINGS{Sjobergh04Compounds,
  author = {Jonas Sjöbergh and Viggo Kann},
  title = {Finding the correct interpretation of Swedish compounds, a statistical
	approach},
  booktitle = {In Proc. 4th Int. Conf. Language Resources and Evaluation (LREC},
  year = {2004},
  pages = {899--902}
}

@INPROCEEDINGS{Srikant95GenAssocRul,
  author = {Srikant, Ramakrishnan and Agrawal, Rakesh},
  title = {Mining Generalized Association Rules},
  booktitle = {Proceedings of the 21th International Conference on Very Large Data
	Bases},
  year = {1995},
  series = {VLDB '95},
  pages = {407--419},
  address = {San Francisco, CA, USA},
  publisher = {Morgan Kaufmann Publishers Inc.},
  isbn = {1-55860-379-4},
  numpages = {13},
  url = {http://dl.acm.org/citation.cfm?id=645921.673304}
}

@ARTICLE{StuderEtAl1998KEPM,
  author = {Rudi Studer and V. Richard Benjamins and Dieter Fensel},
  title = {Knowledge Engineering: Principles and Methods},
  journal = {Data Knowl. Eng.},
  year = {1998},
  volume = {25},
  pages = {161-197},
  number = {1-2},
  bibsource = {DBLP, http://dblp.uni-trier.de},
  ee = {http://dx.doi.org/10.1016/S0169-023X(97)00056-6},
  url = {http://www.sciencedirect.com/science/article/pii/S0169023X97000566}
}

@INCOLLECTION{HOO2009OntEngMeth,
  author = {Sure, York and Staab, Steffen and Studer, Rudi},
  title = {Ontology Engineering Methodology},
  booktitle = {Handbook on Ontologies},
  publisher = {Springer Berlin Heidelberg},
  year = {2009},
  editor = {Staab, Steffen and Rudi Studer, Dr.},
  series = {International Handbooks on Information Systems},
  pages = {135-152},
  affiliation = {SAP Research, CEC Karlsruhe, Karlsruhe, Germany},
  isbn = {978-3-540-92673-3}
}

@INCOLLECTION{Voelkner2008Spanish,
  author = {Völker, Johanna and Fernandez Langa, Sergi and Sure, York},
  title = {Supporting the Construction of Spanish Legal Ontologies with Text2Onto},
  booktitle = {Computable Models of the Law},
  publisher = {Springer Berlin / Heidelberg},
  year = {2008},
  editor = {Casanovas, Pompeu and Sartor, Giovanni and Casellas, Núria and Rubino,
	Rossella},
  volume = {4884},
  series = {Lecture Notes in Computer Science},
  pages = {105-112},
  affiliation = {Universität Karlsruhe (TH) Institute AIFB Germany},
  isbn = {978-3-540-85568-2},
  keyword = {Computer Science}
}

@PHDTHESIS{Wong2009PhD,
  author = {Wong, W.},
  title = {Learning Lightweight Ontologies from Text across Different Domains
	using the Web as Background Knowledge},
  school = { University of Western Australia},
  year = {2009},
  url = {http://publication.wilsonwong.me/load.php?id=233282062}
}

@UNPUBLISHED{Wong11Survey,
  author = {Wilson Wong and Wei Liu and Mohammed Bennamoun},
  title = {Ontology Learning from Text: A Look back and into the Future},
  note = {(In Press)},
  year = {2011},
  url = {http://personal.wilsonwong.me/}
}

@ARTICLE{Zouaq11OntoCmaps,
  author = {Amal Zouaq and Dragan Gasevic and Marek Hatala},
  title = {Towards open ontology learning and filtering},
  journal = {Information Systems},
  year = {2011},
  volume = {36},
  pages = {1064 - 1081},
  number = {7},
  note = {Special Issue: Advanced Information Systems Engineering (CAiSE'10)},
  doi = {10.1016/j.is.2011.03.005},
  issn = {0306-4379},
  keywords = {Ontology learning},
  url = {http://www.sciencedirect.com/science/article/pii/S0306437911000391}
}

@PROCEEDINGS{DBLP:conf/mie/2008,
  title = {eHealth Beyond the Horizon - Get IT There, Proceedings of MIE2008,
	The XXIst International Congress of the European Federation for Medical
	Informatics, G{\"o}teborg, Sweden, May 25-28, 2008},
  year = {2008},
  editor = {Stig Kj{\ae}r Andersen and Gunnar O. Klein and Stefan Schulz and
	Jos Aarts},
  volume = {136},
  series = {Studies in Health Technology and Informatics},
  publisher = {IOS Press},
  bibsource = {DBLP, http://dblp.uni-trier.de},
  booktitle = {MIE},
  isbn = {978-1-58603-864-9}
}

